<record><leader>00000cas a22000007a 4500</leader><controlfield tag="001">17591517</controlfield><controlfield tag="008">880307d18951903iaucr ne      0    0eng d</controlfield><datafield ind1=" " ind2=" " tag="010"><subfield code="a">sn 88059511 </subfield></datafield><datafield ind1=" " ind2=" " tag="040"><subfield code="a">INP</subfield><subfield code="b">eng</subfield><subfield code="c">INP</subfield><subfield code="d">OCLCQ</subfield></datafield><datafield ind1=" " ind2=" " tag="042"><subfield code="a">msc</subfield></datafield><datafield ind1="0" ind2="4" tag="245"><subfield code="a">The Semi-weekly Cedar Falls gazette.</subfield></datafield><datafield ind1=" " ind2=" " tag="260"><subfield code="a">Cedar Falls, Iowa :</subfield><subfield code="b">Snyder &amp; Hurd,</subfield><subfield code="c">1895-1903.</subfield></datafield><datafield ind1=" " ind2=" " tag="300"><subfield code="a">18 v.</subfield></datafield><datafield ind1=" " ind2=" " tag="310"><subfield code="a">Semiweekly</subfield></datafield><datafield ind1="0" ind2=" " tag="362"><subfield code="a">Vol. 35, no. 48 (Feb. 5, 1895)-v. 52, no. 31 (July 3, 1903).</subfield></datafield><datafield ind1=" " ind2=" " tag="752"><subfield code="a">United States</subfield><subfield code="b">Iowa</subfield><subfield code="c">Black Hawk</subfield><subfield code="d">Cedar Falls.</subfield></datafield><datafield ind1="0" ind2="0" tag="780"><subfield code="t">Cedar Falls gazette (Cedar Falls, Iowa : 1860)</subfield><subfield code="w">(DLC)sn 83025161</subfield></datafield><datafield ind1="0" ind2="0" tag="785"><subfield code="t">Cedar Falls gazette (Cedar Falls, Iowa : 1903)</subfield><subfield code="w">(DLC)sn 88059512</subfield></datafield></record>